<record><leader>00000cas a22000007a 4500</leader><controlfield tag="001">21053467</controlfield><controlfield tag="007">hd afu---buca</controlfield><controlfield tag="008">900212d18351836ctuwr n a     0   a0eng d</controlfield><datafield ind1=" " ind2=" " tag="010"><subfield code="a">sn 90024246 </subfield></datafield><datafield ind1=" " ind2=" " tag="040"><subfield code="a">VA@</subfield><subfield code="b">eng</subfield><subfield code="c">VA@</subfield><subfield code="d">HUL</subfield><subfield code="d">NST</subfield><subfield code="d">OCL</subfield><subfield code="d">BOS</subfield><subfield code="d">OCLCQ</subfield><subfield code="d">OCLCO</subfield><subfield code="d">OCLCF</subfield><subfield code="d">OCLCQ</subfield></datafield><datafield ind1=" " ind2=" " tag="012"><subfield code="i">9004</subfield></datafield><datafield ind1=" " ind2=" " tag="042"><subfield code="a">msc</subfield></datafield><datafield ind1=" " ind2=" " tag="043"><subfield code="a">n-us-vt</subfield></datafield><datafield ind1=" " ind2="4" tag="050"><subfield code="a">AN51.S3</subfield><subfield code="b">V47</subfield></datafield><datafield ind1="0" ind2=" " tag="130"><subfield code="a">Vermont State paper (Saint Albans, Vt.)</subfield></datafield><datafield ind1="1" ind2="0" tag="245"><subfield code="a">Vermont State paper.</subfield></datafield><datafield ind1="1" ind2="7" tag="246"><subfield code="a">State paper</subfield></datafield><datafield ind1=" " ind2=" " tag="260"><subfield code="a">St. Albans, Vt. :</subfield><subfield code="b">J. Spooner,</subfield><subfield code="c">1835-1836.</subfield></datafield><datafield ind1=" " ind2=" " tag="300"><subfield code="a">1 volume</subfield></datafield><datafield ind1=" " ind2=" " tag="310"><subfield code="a">Weekly</subfield></datafield><datafield ind1=" " ind2=" " tag="336"><subfield code="a">text</subfield><subfield code="b">txt</subfield><subfield code="2">rdacontent</subfield></datafield><datafield ind1=" " ind2=" " tag="337"><subfield code="a">microform</subfield><subfield code="b">h</subfield><subfield code="2">rdamedia</subfield></datafield><datafield ind1=" " ind2=" " tag="338"><subfield code="a">microfilm reel</subfield><subfield code="b">hd</subfield><subfield code="2">rdacarrier</subfield></datafield><datafield ind1="0" ind2=" " tag="362"><subfield code="a">Vol. 1, no. 1 (June 23, 1835)-v. 1, no. 45 (Apr. 26, 1836).</subfield></datafield><datafield ind1=" " ind2=" " tag="500"><subfield code="a">Title from caption.</subfield></datafield><datafield ind1=" " ind2=" " tag="533"><subfield code="a">Microfilm.</subfield><subfield code="b">New Canaan, Ct. :</subfield><subfield code="c">Readex Microprint Corp.</subfield><subfield code="e">1 microfilm reel ; 35 mm.</subfield><subfield code="f">(Early American newspapers).</subfield></datafield><datafield ind1=" " ind2="0" tag="651"><subfield code="a">Saint Albans (Vt.)</subfield><subfield code="v">Newspapers.</subfield></datafield><datafield ind1=" " ind2="7" tag="651"><subfield code="a">Vermont</subfield><subfield code="z">Saint Albans.</subfield><subfield code="2">fast</subfield><subfield code="0">(OCoLC)fst01222426</subfield></datafield><datafield ind1=" " ind2="7" tag="655"><subfield code="a">Newspapers.</subfield><subfield code="2">fast</subfield><subfield code="0">(OCoLC)fst01423814</subfield></datafield><datafield ind1=" " ind2=" " tag="752"><subfield code="a">United States</subfield><subfield code="b">Vermont</subfield><subfield code="d">Saint Albans.</subfield></datafield><datafield ind1=" " ind2=" " tag="850"><subfield code="a">MH</subfield><subfield code="a">NBuU</subfield><subfield code="a">NSyU</subfield><subfield code="a">TU</subfield><subfield code="a">ViU</subfield></datafield><datafield ind1="1" ind2=" " tag="029"><subfield code="a">AU@</subfield><subfield code="b">000007432321</subfield></datafield></record>